<?xml version="1.0" encoding="UTF-8"?><collection xmlns="http://www.loc.gov/MARC21/slim"><record><leader>00456nam--2200157-i-4500</leader><controlfield tag="001">000008426</controlfield><controlfield tag="002">20161230</controlfield><controlfield tag="005">20170121214357</controlfield><controlfield tag="008">060222s1000------------r-----000-0-eng-d</controlfield><datafield ind1=" " ind2=" " tag="080"><subfield code="a">51:015</subfield></datafield><datafield ind1=" " ind2=" " tag="100"><subfield code="a">Apostol, C</subfield></datafield><datafield ind1=" " ind2=" " tag="245"><subfield code="a">Contributii de teoria descompunerilor spectral e si calcul functional</subfield><subfield code="b">teza de doctorat (rezumat)</subfield></datafield><datafield ind1=" " ind2=" " tag="260"><subfield code="a">Bucuresti</subfield><subfield code="b">Institutul De Fizica Atomica</subfield><subfield code="c">1968</subfield></datafield><datafield ind1=" " ind2=" " tag="300"><subfield code="a">10 p</subfield></datafield><datafield ind1=" " ind2=" " tag="852"><subfield code="a">26996</subfield></datafield><datafield ind1=" " ind2=" " tag="CAT"><subfield code="a">SYS</subfield><subfield code="c">20170121</subfield><subfield code="h">214357</subfield></datafield></record></collection>